# Temporal Networks

@article{kempe2002connectivity,
  title={Connectivity and inference problems for temporal networks},
  author={Kempe, David and Kleinberg, Jon and Kumar, Amit},
  journal={Journal of Computer and System Sciences},
  volume={64},
  number={4},
  pages={820--842},
  year={2002},
  publisher={Elsevier}
}

@inproceedings{akrida2015temporally,
  title={On temporally connected graphs of small cost},
  author={Akrida, Eleni C and G{\k{a}}sieniec, Leszek and Mertzios, George B and Spirakis, Paul G},
  booktitle={International Workshop on Approximation and Online Algorithms},
  pages={84--96},
  year={2015},
  organization={Springer}
}

@article{erlebach2021temporal,
  title={On temporal graph exploration},
  author={Erlebach, Thomas and Hoffmann, Michael and Kammer, Frank},
  journal={Journal of Computer and System Sciences},
  volume={119},
  pages={1--18},
  year={2021},
  publisher={Elsevier}
}

# MAC Randomisation

@inproceedings{vanhoef2016mac,
  title={Why MAC address randomization is not enough: An analysis of Wi-Fi network discovery mechanisms},
  author={Vanhoef, Mathy and Matte, C{\'e}lestin and Cunche, Mathieu and Cardoso, Leonardo S and Piessens, Frank},
  booktitle={Proceedings of the 11th ACM on Asia conference on computer and communications security},
  pages={413--424},
  year={2016}
}

@article{martin2017study,
  title={A study of MAC address randomization in mobile devices and when it fails},
  author={Martin, Jeremy and Mayberry, Travis and Donahue, Collin and Foppe, Lucas and Brown, Lamont and Riggins, Chadwick and Rye, Erik C and Brown, Dane},
  journal={Proceedings on Privacy Enhancing Technologies},
  volume={2017},
  number={4},
  pages={365--383},
  year={2017},
  publisher={Sciendo}
}

@inproceedings{matte2016defeating,
  title={Defeating MAC address randomization through timing attacks},
  author={Matte, C{\'e}lestin and Cunche, Mathieu and Rousseau, Franck and Vanhoef, Mathy},
  booktitle={Proceedings of the 9th ACM Conference on Security \& Privacy in Wireless and Mobile Networks},
  pages={15--20},
  year={2016}
}

@phdthesis{matte2018spread,
  title={Spread of MAC address randomization studied using locally administered MAC addresses use historic},
  author={Matte, C{\'e}lestin and Cunche, Mathieu},
  year={2018},
  school={Inria Grenoble Rh{\^o}ne-Alpes}
}

# Location-based Services

@article{dey2009location,
  title={Location-based services},
  author={Dey, Anind and Hightower, Jeffrey and de Lara, Eyal and Davies, Nigel},
  journal={IEEE Pervasive Computing},
  volume={9},
  number={1},
  pages={11--12},
  year={2009},
  publisher={IEEE}
}

@book{schiller2004location,
  title={Location-based services},
  author={Schiller, Jochen and Voisard, Agn{\`e}s},
  year={2004},
  publisher={Elsevier}
}

@book{kupper2005location,
  title={Location-based services: fundamentals and operation},
  author={K{\"u}pper, Axel},
  year={2005},
  publisher={John Wiley \& Sons}
}

@article{junglas2008location,
  title={Location-based services},
  author={Junglas, Iris A and Watson, Richard T},
  journal={Communications of the ACM},
  volume={51},
  number={3},
  pages={65--69},
  year={2008},
  publisher={ACM New York, NY, USA}
}

@article{zickuhr2013location,
  title={Location-based services},
  author={Zickuhr, Kathryn},
  journal={Pew Research},
  volume={679},
  pages={695},
  year={2013}
}

@article{hong2018crowdprobe,
  title={CrowdProbe: Non-invasive crowd monitoring with Wi-Fi probe},
  author={Hong, Hande and De Silva, Girisha Durrel and Chan, Mun Choon},
  journal={Proceedings of the ACM on Interactive, Mobile, Wearable and Ubiquitous Technologies},
  volume={2},
  number={3},
  pages={1--23},
  year={2018},
  publisher={ACM New York, NY, USA}
} # MAC randomisation + Location-based services

@article{shen2020wi,
  title={WI-FI LOCATION-BASED SERVICES (LBS) FOR OCCUPANCY SENSING IN BUILDINGS: A TECHNICAL OVERVIEW},
  author={Shen, Lester S and Sui, Di and Plum, Christopher and Kirk, Matt},
  year={2020}
}

@inproceedings{freudiger2015talkative,
  title={How talkative is your mobile device? An experimental study of Wi-Fi probe requests},
  author={Freudiger, Julien},
  booktitle={Proceedings of the 8th ACM Conference on Security \& Privacy in Wireless and Mobile Networks},
  pages={1--6},
  year={2015}
}

@inproceedings{gruteser2003anonymous,
  title={Anonymous usage of location-based services through spatial and temporal cloaking},
  author={Gruteser, Marco and Grunwald, Dirk},
  booktitle={Proceedings of the 1st international conference on Mobile systems, applications and services},
  pages={31--42},
  year={2003}
}
