@misc{barbera2013crawdad,
  title={CRAWDAD dataset sapienza/probe-requests (v. 2013-09-10)},
  author={Barbera, Marco V and Epasto, Alessandro and Mei, Alessandro and Kosta, Sokol and Perta, Vasile C and Stefa, Julinda},
  year={2013},
  publisher={Sep}
}

@article{robyns2017,
  title={Noncooperative 802.11 mac layer fingerprinting and tracking of mobile devices},
  author={Robyns, Pieter and Bonn{\'e}, Bram and Quax, Peter and Lamotte, Wim},
  journal={Security and Communication Networks},
  volume={2017},
  year={2017},
  publisher={Hindawi}
}

@article{merry2019smartphone,
  title     = {{Smartphone GPS accuracy study in an urban environment}},
  author    = {Merry, Krista and Bettinger, Pete},
  journal   = {PloS one},
  volume    = {14},
  number    = {7},
  pages     = {e0219890},
  year      = {2019},
  publisher = {Public Library of Science San Francisco, CA USA}
}

@phdthesis{matte2017,
  title  = {Wi-Fi tracking: Fingerprinting attacks and counter-measures},
  author = {Matte, C{\'e}lestin},
  year   = {2017},
  school = {Universit{\'e} de Lyon}
}

@article{ieee1997,
  author  = {{IEEE}},
  journal = {IEEE Std 802.11-1997},
  title   = {{IEEE Standard for Wireless LAN Medium Access Control (MAC) and Physical Layer (PHY) specifications}},
  year    = {1997},
  volume  = {},
  number  = {},
  pages   = {1-445},
  doi     = {10.1109/IEEESTD.1997.85951}
}

@article{Boukerche2007,
  title     = {Localization systems for wireless sensor networks},
  author    = {Boukerche, Azzedine and Oliveira, Horacio ABF and Nakamura, Eduardo F and Loureiro, Antonio AF},
  journal   = {IEEE wireless Communications},
  volume    = {14},
  number    = {6},
  pages     = {6--12},
  year      = {2007},
  publisher = {IEEE}
}

@article{zickuhr2013,
  title   = {Location-based services},
  author  = {Zickuhr, Kathryn},
  journal = {Pew Research},
  volume  = {679},
  pages   = {695},
  year    = {2013}
}

@inproceedings{raychaudhuri2008,
  title        = {Introduction to monte carlo simulation},
  author       = {Raychaudhuri, Samik},
  booktitle    = {2008 Winter simulation conference},
  pages        = {91--100},
  year         = {2008},
  organization = {IEEE}
}

@article{fenske2021,
  title   = {{Three Years Later: A Study of MAC Address Randomization In Mobile Devices And When It Succeeds}},
  author  = {Fenske, Ellis and Brown, Dane and Martin, Jeremy and Mayberry, Travis and Ryan, Peter and Rye, Erik},
  journal = {Proceedings on Privacy Enhancing Technologies},
  volume  = {3},
  pages   = {164--181},
  year    = {2021}
}

@article{Furfari2021,
  author    = {Furfari, Francesco and Crivello, Antonino and Baronti, Paolo and Barsocchi, Paolo and Girolami, Michele and Palumbo, Filippo and Quezada-Gaibor, Darwin and {Mendoza Silva}, Germán M. and Torres-Sospedra, Joaquín},
  publisher = {Elsevier BV},
  date      = {2021-03},
  year      = {2021},
  doi       = {10.1016/j.iot.2020.100334},
  issn      = {25426605},
  pages     = {100334},
  title     = {{Discovering location based services: A unified approach for heterogeneous indoor localization systems}},
  volume    = {13}
}

@inproceedings{Brik2008,
  author    = {Brik, Vladimir and Banerjee, Suman and Gruteser, Marco and Oh, Sangho},
  publisher = {ACM Press},
  booktitle = {Proceedings of the Annual International Conference on Mobile Computing and Networking, MOBICOM},
  date      = {2008},
  year      = {2008},
  doi       = {10.1145/1409944.1409959},
  isbn      = {9781605583426},
  keywords  = {802.11,Authenitcation,Fingerprinting,PHY,RF,Radiometric,Security,Security token,Signature,Wireless},
  pages     = {116--127},
  title     = {{Wireless device identification with radiometric signatures}}
}

@inproceedings{Pang2007,
  author    = {Pang, Jeffrey and Greenstein, Ben and Gummadi, Ramakrishna and Seshan, Srinivasan and Wetherall, David},
  booktitle = {Proceedings of the Annual International Conference on Mobile Computing and Networking, MOBICOM},
  date      = {2007},
  year      = {2007},
  doi       = {10.1145/1287853.1287866},
  isbn      = {9781595936813},
  keywords  = {802.11,Anonymity,Privacy,Wireless},
  pages     = {99--110},
  title     = {802.11 user fingerprinting}
}

@book{Schiller2004,
  author    = {Schiller, Jochen and Voisard, Agnès},
  publisher = {Elsevier},
  date      = {2004},
  year      = {2004},
  isbn      = {1558609296},
  title     = {{Location-based Services}}
}

@inproceedings{Bahl2000,
  author    = {Bahl, Paramvir and Padmanabhan, Venkata N.},
  booktitle = {Proceedings - IEEE INFOCOM},
  date      = {2000},
  year      = {2000},
  doi       = {10.1109/infcom.2000.832252},
  issn      = {0743166X},
  title     = {{RADAR: An in-building RF-based user location and tracking system}},
  volume    = {2}
}

@inproceedings{Vanhoef2016,
  author    = {Vanhoef, Mathy and Matte, Célestin and Cunche, Mathieu and Cardoso, Leonardo S. and Piessens, Frank},
  publisher = {Association for Computing Machinery, Inc},
  booktitle = {ASIA CCS 2016 - Proceedings of the 11th ACM Asia Conference on Computer and Communications Security},
  date      = {2016-05},
  year      = {2016},
  doi       = {10.1145/2897845.2897883},
  isbn      = {9781450342339},
  pages     = {413--424},
  title     = {{Why MAC address randomization is not enough: An analysis of Wi-Fi network discovery mechanisms}}
}

@unpublished{Matte2018,
  author      = {Matte, C{\'e}lestin and Cunche, Mathieu},
  publisher   = {{Inria Grenoble Rh{\^o}ne-Alpes}},
  booktitle   = {Inria},
  date        = {2018-01},
  year        = {2018},
  keywords    = {Wi-Fi,adresse MAC aléatoires,bit d'administration locale,locallyadministered bit,privacy,random MAC address,tracking,traçage,vie privée},
  title       = {{Spread of MAC address randomization studied using locally administered MAC addresses use historic}},
  institution = {{Inria Grenoble Rh{\^o}ne-Alpes}}
}

@article{Gedik2008,
  author   = {Gedik, Buǧra and Liu, Ling},
  date     = {2008},
  year     = {2008},
  doi      = {10.1109/TMC.2007.1062},
  issn     = {15361233},
  keywords = {K-anonymity,Location privacy,Location-based applications,Mobile computing systems},
  number   = {1},
  pages    = {1--18},
  title    = {{Protecting location privacy with personalized k-anonymity: Architecture and algorithms}},
  volume   = {7}
}

@article{Zhang2016,
  author = {Zhang, Hengcai and Lu, Feng and Chen, Jie},
  date   = {2016},
  year   = {2016},
  doi    = {10.3390/ijgi5120246},
  issn   = {2220-9964},
  number = {12},
  title  = {{A Line Graph-Based Continuous Range Query Method for Moving Objects in Networks}},
  volume = {5}
}

@book{Labrador2010,
  author    = {Labrador, Miguel A. and Wightman, Pedro M. and Perez, Alfredo Jose.},
  publisher = {CRC Press},
  date      = {2010},
  year      = {2010},
  isbn      = {9781439848548},
  title     = {{Location-based information systems: developing real-time tracking applications}}
}

@inproceedings{Gedik2005,
  author    = {Gedik, Buǧra and Liu, Ling},
  booktitle = {Proceedings - International Conference on Distributed Computing Systems},
  date      = {2005},
  year      = {2005},
  doi       = {10.1109/icdcs.2005.48},
  title     = {{Location privacy in mobile systems: A personalized anonymization model}}
}

@misc{He2016,
  author    = {He, Suining and Chan, S. H.Gary},
  booktitle = {IEEE Communications Surveys and Tutorials},
  date      = {2016},
  year      = {2016},
  doi       = {10.1109/COMST.2015.2464084},
  issn      = {1553877X},
  number    = {1},
  title     = {{Wi-Fi fingerprint-based indoor positioning: Recent advances and comparisons}},
  volume    = {18}
}

@article{Gruteser2003,
  author = {Gruteser, Marco and Grunwald, Dirk},
  date   = {2003},
  year   = {2003},
  doi    = {10.1145/1066116.1189037},
  pages  = {31--42},
  title  = {{Anonymous usage of location-based services through spatial and temporal cloaking}}
}

@article{Ghinita2008,
  author   = {Ghinita, Gabriel and Kalnis, Panos and Khoshgozaran, Ali and Shahabi, Cyrus and Tan, Kian Lee},
  date     = {2008},
  year     = {2008},
  isbn     = {9781605581026},
  issn     = {07308078},
  keywords = {location anonymity,private information retrieval,query},
  number   = {ii},
  pages    = {1--12},
  title    = {{Private Queries In Location Based Services Anonymizers Are Not Necessary}},
  volume   = {8}
}

@inproceedings{Vo-Huu2016,
  author    = {Vo-Huu, Tien D. and Vo-Huu, Triet D. and Noubir, Guevara},
  publisher = {Association for Computing Machinery, Inc},
  booktitle = {WiSec 2016 - Proceedings of the 9th ACM Conference on Security and Privacy in Wireless and Mobile Networks},
  date      = {2016-07},
  year      = {2016},
  doi       = {10.1145/2939918.2939936},
  isbn      = {9781450342704},
  pages     = {3--13},
  title     = {{Fingerprinting Wi-Fi devices using software defined radios}}
}

@article{Junglas2008,
  author    = {Junglas, Iris A. and Watson, Richard T.},
  publisher = {ACM PUB27 New York, NY, USA},
  date      = {2008-03},
  year      = {2008},
  doi       = {10.1145/1325555.1325568},
  issn      = {0001-0782},
  number    = {3},
  pages     = {65--69},
  title     = {{Location-based services}},
  volume    = {51}
}

@article{Hong2018,
  author    = {Hong, Hande and {De Silva}, Girisha Durrel and Chan, Mun Choon},
  publisher = {Association for Computing Machinery (ACM)},
  date      = {2018-09},
  year      = {2018},
  doi       = {10.1145/3264925},
  keywords  = {Crowd movement,Passive tracking,randomization,transition probability},
  number    = {3},
  pages     = {1--23},
  title     = {{CrowdProbe: Non-invasive Crowd Monitoring with Wi-Fi Probe}},
  volume    = {2}
}

@article{Malatras2017,
  author    = {Malatras, Apostolos and Geneiatakis, Dimitris and Vakalis, Ioannis},
  publisher = {Springer Verlag},
  date      = {2017-11},
  year      = {2017},
  doi       = {10.1007/s10207-016-0340-2},
  issn      = {16155270},
  keywords  = {Anonymity,Machine learning,User identification},
  number    = {6},
  pages     = {653--671},
  title     = {{On the efficiency of user identification: a system-based approach}},
  volume    = {16}
}

@misc{A.Almusaylim2020,
  author    = {{A. Almusaylim}, Zahrah and Jhanjhi, Nz},
  booktitle = {Wireless Personal Communications},
  date      = {2020},
  year      = {2020},
  doi       = {10.1007/s11277-019-06872-3},
  issn      = {1572834X},
  number    = {1},
  title     = {{Comprehensive Review: Privacy Protection of User in Location-Aware Services of Mobile Cloud Computing}},
  volume    = {111}
}

@inproceedings{Kido2005,
  author    = {Kido, Hidetoshi and Yanagisawa, Yutaka and Satoh, Tetsuji},
  booktitle = {Proceedings - International Conference on Pervasive Services, ICPS '05},
  date      = {2005},
  year      = {2005},
  doi       = {10.1109/PERSER.2005.1506394},
  isbn      = {0780390326},
  pages     = {88--97},
  title     = {{An anonymous communication technique using dummies for location-based services}},
  volume    = {2005}
}

@inproceedings{Matte2016,
  author    = {Matte, Célestin and Cunche, Mathieu and Rousseau, Franck and Vanhoef, Mathy},
  publisher = {Association for Computing Machinery, Inc},
  booktitle = {WiSec 2016 - Proceedings of the 9th ACM Conference on Security and Privacy in Wireless and Mobile Networks},
  date      = {2016-07},
  year      = {2016},
  doi       = {10.1145/2939918.2939930},
  isbn      = {9781450342704},
  keywords  = {802.11,MAC address randomization,Privacy,Security,Tracking},
  pages     = {15--20},
  title     = {{Defeating MAC address randomization through timing attacks}}
}

@article{Bellavista2008,
  author   = {Bellavista, Paolo and Küpper, Axel and Helal, Sumi},
  date     = {2008-04},
  year     = {2008},
  doi      = {10.1109/MPRV.2008.34},
  issn     = {15361268},
  keywords = {Location-based services,Positioning systems},
  number   = {2},
  pages    = {85--89},
  title    = {{Location-based services: Back to the future}},
  volume   = {7}
}

@techreport{S.Shen2020,
  author      = {{S. Shen}, Lester and Sui, Di},
  date        = {2020},
  year        = {2020},
  title       = {{Wi-Fi Location-Based Services (Lbs) for Occupancy Sensing in Buildings: A Technical Overview}},
  institution = {{Center for Energy and Environment}}
}

@inproceedings{Freudiger2015,
  author    = {Freudiger, Julien},
  publisher = {Association for Computing Machinery, Inc},
  booktitle = {Proceedings of the 8th ACM Conference on Security and Privacy in Wireless and Mobile Networks, WiSec 2015},
  date      = {2015-06},
  year      = {2015},
  doi       = {10.1145/2766498.2766517},
  isbn      = {9781450336239},
  pages     = {1--6},
  title     = {{Short: How talkative is your mobile device? An experimental study of Wi-Fi probe requests}}
}

@misc{Huang2018,
  author    = {Huang, Haosheng and Gartner, Georg},
  booktitle = {ISPRS International Journal of Geo-Information},
  date      = {2018},
  year      = {2018},
  doi       = {10.3390/ijgi7060199},
  issn      = {22209964},
  number    = {6},
  title     = {{Current trends and challenges in location-based services}},
  volume    = {7}
}

@misc{Liu2020,
  author    = {Liu, Fen and Liu, Jing and Yin, Yuqing and Wang, Wenhan and Hu, Donghai and Chen, Pengpeng and Niu, Qiang},
  booktitle = {IET Communications},
  date      = {2020},
  year      = {2020},
  doi       = {10.1049/iet-com.2019.1059},
  issn      = {17518628},
  number    = {9},
  title     = {{Survey on WiFi-based indoor positioning techniques}},
  volume    = {14}
}

@misc{Martin2017,
  author    = {Martin, Jeremy and Mayberry, Travis and Donahue, Collin and Foppe, Lucas and Brown, Lamont and Riggins, Chadwick and Rye, Erik C. and Brown, Dane},
  publisher = {arXiv},
  booktitle = {arXiv},
  date      = {2017-03},
  year      = {2017},
  doi       = {10.1515/popets-2017-0054},
  eprint    = {1703.02874},
  issn      = {23318422},
  title     = {{A study of MAC address randomization in mobile devices and when it fails}}
}

